@ARTICLE{1986JOSAB,
   author = {{Tung}, J.~H. and {Tang}, A.~Z. and {Salamo}, G.~J. and {Chan}, F.~T.
	},
    title = "{Two-Photon absorption of atomic hydrogen from two light beams}",
  journal = {Journal of the Optical Society of America B Optical Physics},
 keywords = {ABSORPTION, HYDROGEN, BEAMS},
     year = 1986,
    month = jun,
   volume = 3,
    pages = {837-848},
      doi = {10.1364/JOSAB.3.000837},
   adsurl = {http://adsabs.harvard.edu/abs/1986JOSAB...3..837T},
  adsnote = {Provided by the SAO/NASA Astrophysics Data System}
}

